@book{geron2017hands,
  title={Hands-on machine learning with Scikit-Learn and TensorFlow: concepts, tools, and techniques to build intelligent systems},
  author={G{\'e}ron, Aur{\'e}lien},
  year={2017},
  publisher={" O'Reilly Media, Inc."}
}

@book{bell2014machine,
  title={Machine learning: hands-on for developers and technical professionals},
  author={Bell, Jason},
  year={2014},
  publisher={John Wiley \& Sons}
}

@book{mueller2016machine,
  title={Machine Learning for Dummies},
  author={Mueller, John Paul and Massaron, Luca},
  year={2016},
  publisher={John Wiley \& Sons}
}

@misc{expertSystem,
    author    = "Marco Varone and Daniel Mayer and Andrea Melegari",
    title     = "What is Machine Learning? A definition",
    url       = "http://www.expertsystem.com/machine-learning-definition/",
    year	  ={2018}
}

@misc{towardsDataScience,
    author    = "Javed Shaikh",
    title     = "Machine Learning, NLP: Text Classification using scikit-learn, python and NLTK.",
    url       = "https://towardsdatascience.com/machine-learning-nlp-text-classification-using-scikit-learn-python-and-nltk-c52b92a7c73a",
    year={2017},
    month={07},
    day={23}
}


@misc{susmelStopStem,
    author    = "Alvise Susmel",
    title     = "Machine Learning: Working With Stop Words, Stemming, and Spam",
    url       = "https://www.codeschool.com/blog/2016/03/25/machine-learning-working-with-stop-words-stemming-and-spam/",
    year	  ={2016}
}

@misc{stemmingLemmaDef,
    author    = "Cambridge University Press",
    title     = "Stemming and lemmatization",
    url       = "https://nlp.stanford.edu/IR-book/html/htmledition/stemming-and-lemmatization-1.html",
    year	  ={2008}
}

@misc{maxMinDf,
    author    = "Abir",
    title     = "Text Analysis and Classification of Reviews in Python",
    url       = "https://medium.com/@abirj/text-analysis-and-classification-of-reviews-in-python-f4859e68b6cb",
    year	  ={2011}
}

@misc{naivebayRay,
    author    = "Sunil Ray",
    title     = "6 Easy Steps to Learn Naive Bayes Algorithm",
    url       = "https://www.analyticsvidhya.com/blog/2017/09/naive-bayes-explained/",
    year	  ={2017}
}

@misc{precisionRecall,
    author    = "Google Developers",
    title     = "Classification: Precision and Reca",
    url       = "https://developers.google.com/machine-learning/crash-course/classification/precision-and-recall",
    year	  ={2018}
}


@misc{linRegrSimple,
    author    = "Rachna Devasthali",
    title     = "Understanding the concept of simple linear regression",
    url       = "https://towardsdatascience.com/understanding-the-concept-of-simple-linear-regression-a572087c253",
    year	  ={2018}
}

@misc{logRegSimple,
    author    = "Apoorva Agrawal",
    title     = "Logistic Regression. Simplified.",
    url       = "https://medium.com/data-science-group-iitr/logistic-regression-simplified-9b4efe801389",
    year	  ={2017}
}

@misc{linLogDiff,
    author    = "Harsha Pulletikurti",
    title     = "Difference between Linear Regression and Logistic Regression",
    url       = "http://scaryscientist.blogspot.com/2015/06/difference-between-linear-regression.html",
    year	  ={2015}
}



